@book{ricci2015recommender,
  title={Recommender Systems Handbook},
  author={Ricci, Francesco and Rokach, Lior and Shapira, Bracha},
  year={2015},
  publisher={Springer},
  address={Boston, MA},
  edition={2nd},
  isbn={978-1489976369},
  url={https://link.springer.com/book/10.1007/978-1-4899-7637-6}
}

@article{adomavicius2005toward,
  title={Toward the next generation of recommender systems: A survey of the state-of-the-art and possible extensions},
  author={Adomavicius, Gediminas and Tuzhilin, Alexander},
  journal={IEEE Transactions on Knowledge and Data Engineering},
  volume={17},
  number={6},
  pages={734--749},
  year={2005},
  publisher={IEEE}
}

@inproceedings{vaswani2017attention,
  title={Attention is all you need},
  author={Vaswani, Ashish and Shazeer, Noam and Parmar, Niki and Uszkoreit, Jakob and Jones, Llion and Gomez, Aidan N and Kaiser, Łukasz and Polosukhin, Illia},
  booktitle={Advances in Neural Information Processing Systems},
  volume={30},
  year={2017}
}

@article{touvron2023llama,
  title={LLaMA: Open and Efficient Foundation Language Models},
  author={Touvron, Hugo and Lavril, Thibaut and Izacard, Gautier and Martinet, Xavier and Lachaux, Marie-Anne and Lacroix, Timothée and Rozière, Baptiste and Goyal, Naman and Hambro, Eric and Azhar, Faisal and others},
  journal={arXiv preprint arXiv:2302.13971},
  year={2023},
  url={https://arxiv.org/abs/2302.13971}
}

@misc{goodfellow2016deep,
  title={Deep Learning},
  author={Goodfellow, Ian and Bengio, Yoshua and Courville, Aaron},
  year={2016},
  publisher={MIT Press},
  url={https://www.deeplearningbook.org/}
}

@online{medium2023recommendation,
  author = {John Doe},
  title = {Understanding Recommender Systems: A Beginner's Guide},
  year = {2023},
  url = {https://medium.com/@johndoe/understanding-recommender-systems-a-beginners-guide-123456789abc},
  note = {Consulté le 23 juin 2025}
}

@online{huggingface2023llama,
  author = {{Hugging Face}},
  title = {Introduction to LLaMA Models},
  year = {2023},
  url = {https://huggingface.co/blog/llama},
  note = {Consulté le 23 juin 2025}
}

@online{meta2023llama,
  author = {{Meta AI}},
  title = {LLaMA: Open and Efficient Foundation Language Models},
  year = {2023},
  url = {https://ai.facebook.com/blog/large-language-model-llama-meta-ai/},
  note = {Consulté le 23 juin 2025}
}

@online{towardsdatascience2023,
  author = {Jane Smith},
  title = {How Large Language Models Are Transforming Recommendation Systems},
  year = {2023},
  url = {https://towardsdatascience.com/how-large-language-models-are-transforming-recommendation-systems-abcdef12345},
  note = {Consulté le 23 juin 2025}
}
